%YAML 1.1
%TAG !u! tag:unity3d.com,2011:
--- !u!1 &2552111146246845756
GameObject:
  m_ObjectHideFlags: 0
  m_CorrespondingSourceObject: {fileID: 0}
  m_PrefabInstance: {fileID: 0}
  m_PrefabAsset: {fileID: 0}
  serializedVersion: 6
  m_Component:
  - component: {fileID: 8233668930401049413}
  - component: {fileID: 5078882705019469647}
  m_Layer: 5
  m_Name: VLayout
  m_TagString: Untagged
  m_Icon: {fileID: 0}
  m_NavMeshLayer: 0
  m_StaticEditorFlags: 0
  m_IsActive: 1
--- !u!224 &8233668930401049413
RectTransform:
  m_ObjectHideFlags: 0
  m_CorrespondingSourceObject: {fileID: 0}
  m_PrefabInstance: {fileID: 0}
  m_PrefabAsset: {fileID: 0}
  m_GameObject: {fileID: 2552111146246845756}
  m_LocalRotation: {x: 0, y: 0, z: 0, w: 1}
  m_LocalPosition: {x: 0, y: 0, z: 0}
  m_LocalScale: {x: 1, y: 1, z: 1}
  m_ConstrainProportionsScale: 0
  m_Children:
  - {fileID: 3815126101630698305}
  - {fileID: 4200005959725815872}
  - {fileID: 1287737704828490839}
  - {fileID: 2006436507381701636}
  - {fileID: 6216198781258388304}
  m_Father: {fileID: 2995976818936594533}
  m_LocalEulerAnglesHint: {x: 0, y: 0, z: 0}
  m_AnchorMin: {x: 0.5, y: 0.5}
  m_AnchorMax: {x: 0.5, y: 0.5}
  m_AnchoredPosition: {x: -489, y: 193}
  m_SizeDelta: {x: 100, y: 100}
  m_Pivot: {x: 0.5, y: 0.5}
--- !u!114 &5078882705019469647
MonoBehaviour:
  m_ObjectHideFlags: 0
  m_CorrespondingSourceObject: {fileID: 0}
  m_PrefabInstance: {fileID: 0}
  m_PrefabAsset: {fileID: 0}
  m_GameObject: {fileID: 2552111146246845756}
  m_Enabled: 1
  m_EditorHideFlags: 0
  m_Script: {fileID: 11500000, guid: 59f8146938fff824cb5fd77236b75775, type: 3}
  m_Name: 
  m_EditorClassIdentifier: 
  m_Padding:
    m_Left: 0
    m_Right: 0
    m_Top: 0
    m_Bottom: 0
  m_ChildAlignment: 0
  m_Spacing: 0
  m_ChildForceExpandWidth: 1
  m_ChildForceExpandHeight: 1
  m_ChildControlWidth: 0
  m_ChildControlHeight: 0
  m_ChildScaleWidth: 0
  m_ChildScaleHeight: 0
  m_ReverseArrangement: 0
--- !u!1 &5262448113620973491
GameObject:
  m_ObjectHideFlags: 0
  m_CorrespondingSourceObject: {fileID: 0}
  m_PrefabInstance: {fileID: 0}
  m_PrefabAsset: {fileID: 0}
  serializedVersion: 6
  m_Component:
  - component: {fileID: 2995976818936594533}
  - component: {fileID: 6210769931568878530}
  - component: {fileID: 8627719665532510632}
  m_Layer: 5
  m_Name: Volume Control
  m_TagString: Untagged
  m_Icon: {fileID: 0}
  m_NavMeshLayer: 0
  m_StaticEditorFlags: 0
  m_IsActive: 1
--- !u!224 &2995976818936594533
RectTransform:
  m_ObjectHideFlags: 0
  m_CorrespondingSourceObject: {fileID: 0}
  m_PrefabInstance: {fileID: 0}
  m_PrefabAsset: {fileID: 0}
  m_GameObject: {fileID: 5262448113620973491}
  m_LocalRotation: {x: 0, y: 0, z: 0, w: 1}
  m_LocalPosition: {x: 0, y: 0, z: 0}
  m_LocalScale: {x: 1, y: 1, z: 1}
  m_ConstrainProportionsScale: 0
  m_Children:
  - {fileID: 8233668930401049413}
  m_Father: {fileID: 0}
  m_LocalEulerAnglesHint: {x: 0, y: 0, z: 0}
  m_AnchorMin: {x: 0, y: 0}
  m_AnchorMax: {x: 1, y: 1}
  m_AnchoredPosition: {x: 0, y: 0}
  m_SizeDelta: {x: 0, y: 0}
  m_Pivot: {x: 0.5, y: 0.5}
--- !u!222 &6210769931568878530
CanvasRenderer:
  m_ObjectHideFlags: 0
  m_CorrespondingSourceObject: {fileID: 0}
  m_PrefabInstance: {fileID: 0}
  m_PrefabAsset: {fileID: 0}
  m_GameObject: {fileID: 5262448113620973491}
  m_CullTransparentMesh: 1
--- !u!114 &8627719665532510632
MonoBehaviour:
  m_ObjectHideFlags: 0
  m_CorrespondingSourceObject: {fileID: 0}
  m_PrefabInstance: {fileID: 0}
  m_PrefabAsset: {fileID: 0}
  m_GameObject: {fileID: 5262448113620973491}
  m_Enabled: 1
  m_EditorHideFlags: 0
  m_Script: {fileID: 11500000, guid: fe87c0e1cc204ed48ad3b37840f39efc, type: 3}
  m_Name: 
  m_EditorClassIdentifier: 
  m_Material: {fileID: 0}
  m_Color: {r: 1, g: 1, b: 1, a: 0.392}
  m_RaycastTarget: 1
  m_RaycastPadding: {x: 0, y: 0, z: 0, w: 0}
  m_Maskable: 1
  m_OnCullStateChanged:
    m_PersistentCalls:
      m_Calls: []
  m_Sprite: {fileID: 10907, guid: 0000000000000000f000000000000000, type: 0}
  m_Type: 1
  m_PreserveAspect: 0
  m_FillCenter: 1
  m_FillMethod: 4
  m_FillAmount: 1
  m_FillClockwise: 1
  m_FillOrigin: 0
  m_UseSpriteMesh: 0
  m_PixelsPerUnitMultiplier: 1
--- !u!1001 &1725113874132220834
PrefabInstance:
  m_ObjectHideFlags: 0
  serializedVersion: 2
  m_Modification:
    serializedVersion: 3
    m_TransformParent: {fileID: 8233668930401049413}
    m_Modifications:
    - target: {fileID: 1817735195793519628, guid: 652fcab115e16b9498dd9fa27868cca2, type: 3}
      propertyPath: m_AnchorMax.x
      value: 0
      objectReference: {fileID: 0}
    - target: {fileID: 1817735195793519628, guid: 652fcab115e16b9498dd9fa27868cca2, type: 3}
      propertyPath: m_AnchorMax.y
      value: 0
      objectReference: {fileID: 0}
    - target: {fileID: 2803919833183847715, guid: 652fcab115e16b9498dd9fa27868cca2, type: 3}
      propertyPath: m_text
      value: 'UIVolume

'
      objectReference: {fileID: 0}
    - target: {fileID: 2803919833183847715, guid: 652fcab115e16b9498dd9fa27868cca2, type: 3}
      propertyPath: m_fontSize
      value: 24
      objectReference: {fileID: 0}
    - target: {fileID: 2803919833183847715, guid: 652fcab115e16b9498dd9fa27868cca2, type: 3}
      propertyPath: m_margin.z
      value: -47.8125
      objectReference: {fileID: 0}
    - target: {fileID: 2803919833183847715, guid: 652fcab115e16b9498dd9fa27868cca2, type: 3}
      propertyPath: m_fontSizeBase
      value: 24
      objectReference: {fileID: 0}
    - target: {fileID: 4734561076608297202, guid: 652fcab115e16b9498dd9fa27868cca2, type: 3}
      propertyPath: m_Pivot.x
      value: 0.5
      objectReference: {fileID: 0}
    - target: {fileID: 4734561076608297202, guid: 652fcab115e16b9498dd9fa27868cca2, type: 3}
      propertyPath: m_Pivot.y
      value: 0.5
      objectReference: {fileID: 0}
    - target: {fileID: 4734561076608297202, guid: 652fcab115e16b9498dd9fa27868cca2, type: 3}
      propertyPath: m_AnchorMax.x
      value: 0
      objectReference: {fileID: 0}
    - target: {fileID: 4734561076608297202, guid: 652fcab115e16b9498dd9fa27868cca2, type: 3}
      propertyPath: m_AnchorMax.y
      value: 0
      objectReference: {fileID: 0}
    - target: {fileID: 4734561076608297202, guid: 652fcab115e16b9498dd9fa27868cca2, type: 3}
      propertyPath: m_AnchorMin.x
      value: 0
      objectReference: {fileID: 0}
    - target: {fileID: 4734561076608297202, guid: 652fcab115e16b9498dd9fa27868cca2, type: 3}
      propertyPath: m_AnchorMin.y
      value: 0
      objectReference: {fileID: 0}
    - target: {fileID: 4734561076608297202, guid: 652fcab115e16b9498dd9fa27868cca2, type: 3}
      propertyPath: m_SizeDelta.x
      value: 100
      objectReference: {fileID: 0}
    - target: {fileID: 4734561076608297202, guid: 652fcab115e16b9498dd9fa27868cca2, type: 3}
      propertyPath: m_SizeDelta.y
      value: 100
      objectReference: {fileID: 0}
    - target: {fileID: 4734561076608297202, guid: 652fcab115e16b9498dd9fa27868cca2, type: 3}
      propertyPath: m_LocalPosition.x
      value: 0
      objectReference: {fileID: 0}
    - target: {fileID: 4734561076608297202, guid: 652fcab115e16b9498dd9fa27868cca2, type: 3}
      propertyPath: m_LocalPosition.y
      value: 0
      objectReference: {fileID: 0}
    - target: {fileID: 4734561076608297202, guid: 652fcab115e16b9498dd9fa27868cca2, type: 3}
      propertyPath: m_LocalPosition.z
      value: 0
      objectReference: {fileID: 0}
    - target: {fileID: 4734561076608297202, guid: 652fcab115e16b9498dd9fa27868cca2, type: 3}
      propertyPath: m_LocalRotation.w
      value: 1
      objectReference: {fileID: 0}
    - target: {fileID: 4734561076608297202, guid: 652fcab115e16b9498dd9fa27868cca2, type: 3}
      propertyPath: m_LocalRotation.x
      value: 0
      objectReference: {fileID: 0}
    - target: {fileID: 4734561076608297202, guid: 652fcab115e16b9498dd9fa27868cca2, type: 3}
      propertyPath: m_LocalRotation.y
      value: 0
      objectReference: {fileID: 0}
    - target: {fileID: 4734561076608297202, guid: 652fcab115e16b9498dd9fa27868cca2, type: 3}
      propertyPath: m_LocalRotation.z
      value: 0
      objectReference: {fileID: 0}
    - target: {fileID: 4734561076608297202, guid: 652fcab115e16b9498dd9fa27868cca2, type: 3}
      propertyPath: m_AnchoredPosition.x
      value: 0
      objectReference: {fileID: 0}
    - target: {fileID: 4734561076608297202, guid: 652fcab115e16b9498dd9fa27868cca2, type: 3}
      propertyPath: m_AnchoredPosition.y
      value: 0
      objectReference: {fileID: 0}
    - target: {fileID: 4734561076608297202, guid: 652fcab115e16b9498dd9fa27868cca2, type: 3}
      propertyPath: m_LocalEulerAnglesHint.x
      value: 0
      objectReference: {fileID: 0}
    - target: {fileID: 4734561076608297202, guid: 652fcab115e16b9498dd9fa27868cca2, type: 3}
      propertyPath: m_LocalEulerAnglesHint.y
      value: 0
      objectReference: {fileID: 0}
    - target: {fileID: 4734561076608297202, guid: 652fcab115e16b9498dd9fa27868cca2, type: 3}
      propertyPath: m_LocalEulerAnglesHint.z
      value: 0
      objectReference: {fileID: 0}
    - target: {fileID: 4871777729582349509, guid: 652fcab115e16b9498dd9fa27868cca2, type: 3}
      propertyPath: m_AnchorMax.y
      value: 0
      objectReference: {fileID: 0}
    - target: {fileID: 4871777729582349509, guid: 652fcab115e16b9498dd9fa27868cca2, type: 3}
      propertyPath: m_AnchorMin.y
      value: 0
      objectReference: {fileID: 0}
    - target: {fileID: 4871777729582349509, guid: 652fcab115e16b9498dd9fa27868cca2, type: 3}
      propertyPath: m_AnchoredPosition.x
      value: 0
      objectReference: {fileID: 0}
    - target: {fileID: 4871777729582349509, guid: 652fcab115e16b9498dd9fa27868cca2, type: 3}
      propertyPath: m_AnchoredPosition.y
      value: 0
      objectReference: {fileID: 0}
    - target: {fileID: 5258487305458174075, guid: 652fcab115e16b9498dd9fa27868cca2, type: 3}
      propertyPath: m_Name
      value: Label-VolumeSlider (4)
      objectReference: {fileID: 0}
    - target: {fileID: 6363517561131146056, guid: 652fcab115e16b9498dd9fa27868cca2, type: 3}
      propertyPath: m_Name
      value: SliderUI
      objectReference: {fileID: 0}
    - target: {fileID: 8677637861879341846, guid: 652fcab115e16b9498dd9fa27868cca2, type: 3}
      propertyPath: m_AnchorMax.y
      value: 0
      objectReference: {fileID: 0}
    - target: {fileID: 8677637861879341846, guid: 652fcab115e16b9498dd9fa27868cca2, type: 3}
      propertyPath: m_AnchorMin.y
      value: 0
      objectReference: {fileID: 0}
    - target: {fileID: 8677637861879341846, guid: 652fcab115e16b9498dd9fa27868cca2, type: 3}
      propertyPath: m_AnchoredPosition.x
      value: 0
      objectReference: {fileID: 0}
    - target: {fileID: 8677637861879341846, guid: 652fcab115e16b9498dd9fa27868cca2, type: 3}
      propertyPath: m_AnchoredPosition.y
      value: 0
      objectReference: {fileID: 0}
    - target: {fileID: 8971454644348135897, guid: 652fcab115e16b9498dd9fa27868cca2, type: 3}
      propertyPath: m_AnchorMax.x
      value: 0
      objectReference: {fileID: 0}
    - target: {fileID: 8971454644348135897, guid: 652fcab115e16b9498dd9fa27868cca2, type: 3}
      propertyPath: m_AnchorMax.y
      value: 0
      objectReference: {fileID: 0}
    - target: {fileID: 8971454644348135897, guid: 652fcab115e16b9498dd9fa27868cca2, type: 3}
      propertyPath: m_AnchorMin.x
      value: 0
      objectReference: {fileID: 0}
    m_RemovedComponents: []
    m_RemovedGameObjects: []
    m_AddedGameObjects: []
    m_AddedComponents: []
  m_SourcePrefab: {fileID: 100100000, guid: 652fcab115e16b9498dd9fa27868cca2, type: 3}
--- !u!224 &6216198781258388304 stripped
RectTransform:
  m_CorrespondingSourceObject: {fileID: 4734561076608297202, guid: 652fcab115e16b9498dd9fa27868cca2, type: 3}
  m_PrefabInstance: {fileID: 1725113874132220834}
  m_PrefabAsset: {fileID: 0}
--- !u!1001 &5794580932879793317
PrefabInstance:
  m_ObjectHideFlags: 0
  serializedVersion: 2
  m_Modification:
    serializedVersion: 3
    m_TransformParent: {fileID: 8233668930401049413}
    m_Modifications:
    - target: {fileID: 1817735195793519628, guid: 652fcab115e16b9498dd9fa27868cca2, type: 3}
      propertyPath: m_AnchorMax.x
      value: 0
      objectReference: {fileID: 0}
    - target: {fileID: 1817735195793519628, guid: 652fcab115e16b9498dd9fa27868cca2, type: 3}
      propertyPath: m_AnchorMax.y
      value: 0
      objectReference: {fileID: 0}
    - target: {fileID: 2454362843003657682, guid: 652fcab115e16b9498dd9fa27868cca2, type: 3}
      propertyPath: m_OnValueChanged.m_PersistentCalls.m_Calls.Array.data[0].m_MethodName
      value: SetMasterSFXVolume
      objectReference: {fileID: 0}
    - target: {fileID: 2803919833183847715, guid: 652fcab115e16b9498dd9fa27868cca2, type: 3}
      propertyPath: m_text
      value: 'MasterSFXVolume

'
      objectReference: {fileID: 0}
    - target: {fileID: 2803919833183847715, guid: 652fcab115e16b9498dd9fa27868cca2, type: 3}
      propertyPath: m_fontSize
      value: 24
      objectReference: {fileID: 0}
    - target: {fileID: 2803919833183847715, guid: 652fcab115e16b9498dd9fa27868cca2, type: 3}
      propertyPath: m_margin.z
      value: -202.48438
      objectReference: {fileID: 0}
    - target: {fileID: 2803919833183847715, guid: 652fcab115e16b9498dd9fa27868cca2, type: 3}
      propertyPath: m_fontSizeBase
      value: 24
      objectReference: {fileID: 0}
    - target: {fileID: 4734561076608297202, guid: 652fcab115e16b9498dd9fa27868cca2, type: 3}
      propertyPath: m_Pivot.x
      value: 0.5
      objectReference: {fileID: 0}
    - target: {fileID: 4734561076608297202, guid: 652fcab115e16b9498dd9fa27868cca2, type: 3}
      propertyPath: m_Pivot.y
      value: 0.5
      objectReference: {fileID: 0}
    - target: {fileID: 4734561076608297202, guid: 652fcab115e16b9498dd9fa27868cca2, type: 3}
      propertyPath: m_AnchorMax.x
      value: 0
      objectReference: {fileID: 0}
    - target: {fileID: 4734561076608297202, guid: 652fcab115e16b9498dd9fa27868cca2, type: 3}
      propertyPath: m_AnchorMax.y
      value: 0
      objectReference: {fileID: 0}
    - target: {fileID: 4734561076608297202, guid: 652fcab115e16b9498dd9fa27868cca2, type: 3}
      propertyPath: m_AnchorMin.x
      value: 0
      objectReference: {fileID: 0}
    - target: {fileID: 4734561076608297202, guid: 652fcab115e16b9498dd9fa27868cca2, type: 3}
      propertyPath: m_AnchorMin.y
      value: 0
      objectReference: {fileID: 0}
    - target: {fileID: 4734561076608297202, guid: 652fcab115e16b9498dd9fa27868cca2, type: 3}
      propertyPath: m_SizeDelta.x
      value: 100
      objectReference: {fileID: 0}
    - target: {fileID: 4734561076608297202, guid: 652fcab115e16b9498dd9fa27868cca2, type: 3}
      propertyPath: m_SizeDelta.y
      value: 100
      objectReference: {fileID: 0}
    - target: {fileID: 4734561076608297202, guid: 652fcab115e16b9498dd9fa27868cca2, type: 3}
      propertyPath: m_LocalPosition.x
      value: 0
      objectReference: {fileID: 0}
    - target: {fileID: 4734561076608297202, guid: 652fcab115e16b9498dd9fa27868cca2, type: 3}
      propertyPath: m_LocalPosition.y
      value: 0
      objectReference: {fileID: 0}
    - target: {fileID: 4734561076608297202, guid: 652fcab115e16b9498dd9fa27868cca2, type: 3}
      propertyPath: m_LocalPosition.z
      value: 0
      objectReference: {fileID: 0}
    - target: {fileID: 4734561076608297202, guid: 652fcab115e16b9498dd9fa27868cca2, type: 3}
      propertyPath: m_LocalRotation.w
      value: 1
      objectReference: {fileID: 0}
    - target: {fileID: 4734561076608297202, guid: 652fcab115e16b9498dd9fa27868cca2, type: 3}
      propertyPath: m_LocalRotation.x
      value: 0
      objectReference: {fileID: 0}
    - target: {fileID: 4734561076608297202, guid: 652fcab115e16b9498dd9fa27868cca2, type: 3}
      propertyPath: m_LocalRotation.y
      value: 0
      objectReference: {fileID: 0}
    - target: {fileID: 4734561076608297202, guid: 652fcab115e16b9498dd9fa27868cca2, type: 3}
      propertyPath: m_LocalRotation.z
      value: 0
      objectReference: {fileID: 0}
    - target: {fileID: 4734561076608297202, guid: 652fcab115e16b9498dd9fa27868cca2, type: 3}
      propertyPath: m_AnchoredPosition.x
      value: 0
      objectReference: {fileID: 0}
    - target: {fileID: 4734561076608297202, guid: 652fcab115e16b9498dd9fa27868cca2, type: 3}
      propertyPath: m_AnchoredPosition.y
      value: 0
      objectReference: {fileID: 0}
    - target: {fileID: 4734561076608297202, guid: 652fcab115e16b9498dd9fa27868cca2, type: 3}
      propertyPath: m_LocalEulerAnglesHint.x
      value: 0
      objectReference: {fileID: 0}
    - target: {fileID: 4734561076608297202, guid: 652fcab115e16b9498dd9fa27868cca2, type: 3}
      propertyPath: m_LocalEulerAnglesHint.y
      value: 0
      objectReference: {fileID: 0}
    - target: {fileID: 4734561076608297202, guid: 652fcab115e16b9498dd9fa27868cca2, type: 3}
      propertyPath: m_LocalEulerAnglesHint.z
      value: 0
      objectReference: {fileID: 0}
    - target: {fileID: 4871777729582349509, guid: 652fcab115e16b9498dd9fa27868cca2, type: 3}
      propertyPath: m_AnchorMax.y
      value: 0
      objectReference: {fileID: 0}
    - target: {fileID: 4871777729582349509, guid: 652fcab115e16b9498dd9fa27868cca2, type: 3}
      propertyPath: m_AnchorMin.y
      value: 0
      objectReference: {fileID: 0}
    - target: {fileID: 4871777729582349509, guid: 652fcab115e16b9498dd9fa27868cca2, type: 3}
      propertyPath: m_AnchoredPosition.x
      value: 0
      objectReference: {fileID: 0}
    - target: {fileID: 4871777729582349509, guid: 652fcab115e16b9498dd9fa27868cca2, type: 3}
      propertyPath: m_AnchoredPosition.y
      value: 0
      objectReference: {fileID: 0}
    - target: {fileID: 5258487305458174075, guid: 652fcab115e16b9498dd9fa27868cca2, type: 3}
      propertyPath: m_Name
      value: Label-VolumeSlider (2)
      objectReference: {fileID: 0}
    - target: {fileID: 6363517561131146056, guid: 652fcab115e16b9498dd9fa27868cca2, type: 3}
      propertyPath: m_Name
      value: SliderMasterSFX
      objectReference: {fileID: 0}
    - target: {fileID: 8677637861879341846, guid: 652fcab115e16b9498dd9fa27868cca2, type: 3}
      propertyPath: m_AnchorMax.y
      value: 0
      objectReference: {fileID: 0}
    - target: {fileID: 8677637861879341846, guid: 652fcab115e16b9498dd9fa27868cca2, type: 3}
      propertyPath: m_AnchorMin.y
      value: 0
      objectReference: {fileID: 0}
    - target: {fileID: 8677637861879341846, guid: 652fcab115e16b9498dd9fa27868cca2, type: 3}
      propertyPath: m_AnchoredPosition.x
      value: 0
      objectReference: {fileID: 0}
    - target: {fileID: 8677637861879341846, guid: 652fcab115e16b9498dd9fa27868cca2, type: 3}
      propertyPath: m_AnchoredPosition.y
      value: 0
      objectReference: {fileID: 0}
    - target: {fileID: 8971454644348135897, guid: 652fcab115e16b9498dd9fa27868cca2, type: 3}
      propertyPath: m_AnchorMax.x
      value: 0
      objectReference: {fileID: 0}
    - target: {fileID: 8971454644348135897, guid: 652fcab115e16b9498dd9fa27868cca2, type: 3}
      propertyPath: m_AnchorMax.y
      value: 0
      objectReference: {fileID: 0}
    - target: {fileID: 8971454644348135897, guid: 652fcab115e16b9498dd9fa27868cca2, type: 3}
      propertyPath: m_AnchorMin.x
      value: 0
      objectReference: {fileID: 0}
    m_RemovedComponents: []
    m_RemovedGameObjects: []
    m_AddedGameObjects: []
    m_AddedComponents: []
  m_SourcePrefab: {fileID: 100100000, guid: 652fcab115e16b9498dd9fa27868cca2, type: 3}
--- !u!224 &1287737704828490839 stripped
RectTransform:
  m_CorrespondingSourceObject: {fileID: 4734561076608297202, guid: 652fcab115e16b9498dd9fa27868cca2, type: 3}
  m_PrefabInstance: {fileID: 5794580932879793317}
  m_PrefabAsset: {fileID: 0}
--- !u!1001 &6515795420105176310
PrefabInstance:
  m_ObjectHideFlags: 0
  serializedVersion: 2
  m_Modification:
    serializedVersion: 3
    m_TransformParent: {fileID: 8233668930401049413}
    m_Modifications:
    - target: {fileID: 1817735195793519628, guid: 652fcab115e16b9498dd9fa27868cca2, type: 3}
      propertyPath: m_AnchorMax.x
      value: 0
      objectReference: {fileID: 0}
    - target: {fileID: 1817735195793519628, guid: 652fcab115e16b9498dd9fa27868cca2, type: 3}
      propertyPath: m_AnchorMax.y
      value: 0
      objectReference: {fileID: 0}
    - target: {fileID: 2454362843003657682, guid: 652fcab115e16b9498dd9fa27868cca2, type: 3}
      propertyPath: m_OnValueChanged.m_PersistentCalls.m_Calls.Array.data[0].m_MethodName
      value: SetSFXVolume
      objectReference: {fileID: 0}
    - target: {fileID: 2803919833183847715, guid: 652fcab115e16b9498dd9fa27868cca2, type: 3}
      propertyPath: m_text
      value: 'SFXVolume

'
      objectReference: {fileID: 0}
    - target: {fileID: 2803919833183847715, guid: 652fcab115e16b9498dd9fa27868cca2, type: 3}
      propertyPath: m_fontSize
      value: 24
      objectReference: {fileID: 0}
    - target: {fileID: 2803919833183847715, guid: 652fcab115e16b9498dd9fa27868cca2, type: 3}
      propertyPath: m_fontSizeBase
      value: 24
      objectReference: {fileID: 0}
    - target: {fileID: 4734561076608297202, guid: 652fcab115e16b9498dd9fa27868cca2, type: 3}
      propertyPath: m_Pivot.x
      value: 0.5
      objectReference: {fileID: 0}
    - target: {fileID: 4734561076608297202, guid: 652fcab115e16b9498dd9fa27868cca2, type: 3}
      propertyPath: m_Pivot.y
      value: 0.5
      objectReference: {fileID: 0}
    - target: {fileID: 4734561076608297202, guid: 652fcab115e16b9498dd9fa27868cca2, type: 3}
      propertyPath: m_AnchorMax.x
      value: 0
      objectReference: {fileID: 0}
    - target: {fileID: 4734561076608297202, guid: 652fcab115e16b9498dd9fa27868cca2, type: 3}
      propertyPath: m_AnchorMax.y
      value: 0
      objectReference: {fileID: 0}
    - target: {fileID: 4734561076608297202, guid: 652fcab115e16b9498dd9fa27868cca2, type: 3}
      propertyPath: m_AnchorMin.x
      value: 0
      objectReference: {fileID: 0}
    - target: {fileID: 4734561076608297202, guid: 652fcab115e16b9498dd9fa27868cca2, type: 3}
      propertyPath: m_AnchorMin.y
      value: 0
      objectReference: {fileID: 0}
    - target: {fileID: 4734561076608297202, guid: 652fcab115e16b9498dd9fa27868cca2, type: 3}
      propertyPath: m_SizeDelta.x
      value: 100
      objectReference: {fileID: 0}
    - target: {fileID: 4734561076608297202, guid: 652fcab115e16b9498dd9fa27868cca2, type: 3}
      propertyPath: m_SizeDelta.y
      value: 100
      objectReference: {fileID: 0}
    - target: {fileID: 4734561076608297202, guid: 652fcab115e16b9498dd9fa27868cca2, type: 3}
      propertyPath: m_LocalPosition.x
      value: 0
      objectReference: {fileID: 0}
    - target: {fileID: 4734561076608297202, guid: 652fcab115e16b9498dd9fa27868cca2, type: 3}
      propertyPath: m_LocalPosition.y
      value: 0
      objectReference: {fileID: 0}
    - target: {fileID: 4734561076608297202, guid: 652fcab115e16b9498dd9fa27868cca2, type: 3}
      propertyPath: m_LocalPosition.z
      value: 0
      objectReference: {fileID: 0}
    - target: {fileID: 4734561076608297202, guid: 652fcab115e16b9498dd9fa27868cca2, type: 3}
      propertyPath: m_LocalRotation.w
      value: 1
      objectReference: {fileID: 0}
    - target: {fileID: 4734561076608297202, guid: 652fcab115e16b9498dd9fa27868cca2, type: 3}
      propertyPath: m_LocalRotation.x
      value: 0
      objectReference: {fileID: 0}
    - target: {fileID: 4734561076608297202, guid: 652fcab115e16b9498dd9fa27868cca2, type: 3}
      propertyPath: m_LocalRotation.y
      value: 0
      objectReference: {fileID: 0}
    - target: {fileID: 4734561076608297202, guid: 652fcab115e16b9498dd9fa27868cca2, type: 3}
      propertyPath: m_LocalRotation.z
      value: 0
      objectReference: {fileID: 0}
    - target: {fileID: 4734561076608297202, guid: 652fcab115e16b9498dd9fa27868cca2, type: 3}
      propertyPath: m_AnchoredPosition.x
      value: 0
      objectReference: {fileID: 0}
    - target: {fileID: 4734561076608297202, guid: 652fcab115e16b9498dd9fa27868cca2, type: 3}
      propertyPath: m_AnchoredPosition.y
      value: 0
      objectReference: {fileID: 0}
    - target: {fileID: 4734561076608297202, guid: 652fcab115e16b9498dd9fa27868cca2, type: 3}
      propertyPath: m_LocalEulerAnglesHint.x
      value: 0
      objectReference: {fileID: 0}
    - target: {fileID: 4734561076608297202, guid: 652fcab115e16b9498dd9fa27868cca2, type: 3}
      propertyPath: m_LocalEulerAnglesHint.y
      value: 0
      objectReference: {fileID: 0}
    - target: {fileID: 4734561076608297202, guid: 652fcab115e16b9498dd9fa27868cca2, type: 3}
      propertyPath: m_LocalEulerAnglesHint.z
      value: 0
      objectReference: {fileID: 0}
    - target: {fileID: 4871777729582349509, guid: 652fcab115e16b9498dd9fa27868cca2, type: 3}
      propertyPath: m_AnchorMax.y
      value: 0
      objectReference: {fileID: 0}
    - target: {fileID: 4871777729582349509, guid: 652fcab115e16b9498dd9fa27868cca2, type: 3}
      propertyPath: m_AnchorMin.y
      value: 0
      objectReference: {fileID: 0}
    - target: {fileID: 4871777729582349509, guid: 652fcab115e16b9498dd9fa27868cca2, type: 3}
      propertyPath: m_AnchoredPosition.x
      value: 0
      objectReference: {fileID: 0}
    - target: {fileID: 4871777729582349509, guid: 652fcab115e16b9498dd9fa27868cca2, type: 3}
      propertyPath: m_AnchoredPosition.y
      value: 0
      objectReference: {fileID: 0}
    - target: {fileID: 5258487305458174075, guid: 652fcab115e16b9498dd9fa27868cca2, type: 3}
      propertyPath: m_Name
      value: Label-VolumeSlider (3)
      objectReference: {fileID: 0}
    - target: {fileID: 6363517561131146056, guid: 652fcab115e16b9498dd9fa27868cca2, type: 3}
      propertyPath: m_Name
      value: SliderSFX
      objectReference: {fileID: 0}
    - target: {fileID: 8677637861879341846, guid: 652fcab115e16b9498dd9fa27868cca2, type: 3}
      propertyPath: m_AnchorMax.y
      value: 0
      objectReference: {fileID: 0}
    - target: {fileID: 8677637861879341846, guid: 652fcab115e16b9498dd9fa27868cca2, type: 3}
      propertyPath: m_AnchorMin.y
      value: 0
      objectReference: {fileID: 0}
    - target: {fileID: 8677637861879341846, guid: 652fcab115e16b9498dd9fa27868cca2, type: 3}
      propertyPath: m_AnchoredPosition.x
      value: 0
      objectReference: {fileID: 0}
    - target: {fileID: 8677637861879341846, guid: 652fcab115e16b9498dd9fa27868cca2, type: 3}
      propertyPath: m_AnchoredPosition.y
      value: 0
      objectReference: {fileID: 0}
    - target: {fileID: 8971454644348135897, guid: 652fcab115e16b9498dd9fa27868cca2, type: 3}
      propertyPath: m_AnchorMax.x
      value: 0
      objectReference: {fileID: 0}
    - target: {fileID: 8971454644348135897, guid: 652fcab115e16b9498dd9fa27868cca2, type: 3}
      propertyPath: m_AnchorMax.y
      value: 0
      objectReference: {fileID: 0}
    - target: {fileID: 8971454644348135897, guid: 652fcab115e16b9498dd9fa27868cca2, type: 3}
      propertyPath: m_AnchorMin.x
      value: 0
      objectReference: {fileID: 0}
    m_RemovedComponents: []
    m_RemovedGameObjects: []
    m_AddedGameObjects: []
    m_AddedComponents: []
  m_SourcePrefab: {fileID: 100100000, guid: 652fcab115e16b9498dd9fa27868cca2, type: 3}
--- !u!224 &2006436507381701636 stripped
RectTransform:
  m_CorrespondingSourceObject: {fileID: 4734561076608297202, guid: 652fcab115e16b9498dd9fa27868cca2, type: 3}
  m_PrefabInstance: {fileID: 6515795420105176310}
  m_PrefabAsset: {fileID: 0}
--- !u!1001 &8450589975491390387
PrefabInstance:
  m_ObjectHideFlags: 0
  serializedVersion: 2
  m_Modification:
    serializedVersion: 3
    m_TransformParent: {fileID: 8233668930401049413}
    m_Modifications:
    - target: {fileID: 1817735195793519628, guid: 652fcab115e16b9498dd9fa27868cca2, type: 3}
      propertyPath: m_AnchorMax.x
      value: 0
      objectReference: {fileID: 0}
    - target: {fileID: 1817735195793519628, guid: 652fcab115e16b9498dd9fa27868cca2, type: 3}
      propertyPath: m_AnchorMax.y
      value: 0
      objectReference: {fileID: 0}
    - target: {fileID: 2803919833183847715, guid: 652fcab115e16b9498dd9fa27868cca2, type: 3}
      propertyPath: m_fontSize
      value: 24
      objectReference: {fileID: 0}
    - target: {fileID: 2803919833183847715, guid: 652fcab115e16b9498dd9fa27868cca2, type: 3}
      propertyPath: m_fontSizeBase
      value: 24
      objectReference: {fileID: 0}
    - target: {fileID: 4734561076608297202, guid: 652fcab115e16b9498dd9fa27868cca2, type: 3}
      propertyPath: m_Pivot.x
      value: 0.5
      objectReference: {fileID: 0}
    - target: {fileID: 4734561076608297202, guid: 652fcab115e16b9498dd9fa27868cca2, type: 3}
      propertyPath: m_Pivot.y
      value: 0.5
      objectReference: {fileID: 0}
    - target: {fileID: 4734561076608297202, guid: 652fcab115e16b9498dd9fa27868cca2, type: 3}
      propertyPath: m_AnchorMax.x
      value: 0
      objectReference: {fileID: 0}
    - target: {fileID: 4734561076608297202, guid: 652fcab115e16b9498dd9fa27868cca2, type: 3}
      propertyPath: m_AnchorMax.y
      value: 0
      objectReference: {fileID: 0}
    - target: {fileID: 4734561076608297202, guid: 652fcab115e16b9498dd9fa27868cca2, type: 3}
      propertyPath: m_AnchorMin.x
      value: 0
      objectReference: {fileID: 0}
    - target: {fileID: 4734561076608297202, guid: 652fcab115e16b9498dd9fa27868cca2, type: 3}
      propertyPath: m_AnchorMin.y
      value: 0
      objectReference: {fileID: 0}
    - target: {fileID: 4734561076608297202, guid: 652fcab115e16b9498dd9fa27868cca2, type: 3}
      propertyPath: m_SizeDelta.x
      value: 100
      objectReference: {fileID: 0}
    - target: {fileID: 4734561076608297202, guid: 652fcab115e16b9498dd9fa27868cca2, type: 3}
      propertyPath: m_SizeDelta.y
      value: 100
      objectReference: {fileID: 0}
    - target: {fileID: 4734561076608297202, guid: 652fcab115e16b9498dd9fa27868cca2, type: 3}
      propertyPath: m_LocalPosition.x
      value: 0
      objectReference: {fileID: 0}
    - target: {fileID: 4734561076608297202, guid: 652fcab115e16b9498dd9fa27868cca2, type: 3}
      propertyPath: m_LocalPosition.y
      value: 0
      objectReference: {fileID: 0}
    - target: {fileID: 4734561076608297202, guid: 652fcab115e16b9498dd9fa27868cca2, type: 3}
      propertyPath: m_LocalPosition.z
      value: 0
      objectReference: {fileID: 0}
    - target: {fileID: 4734561076608297202, guid: 652fcab115e16b9498dd9fa27868cca2, type: 3}
      propertyPath: m_LocalRotation.w
      value: 1
      objectReference: {fileID: 0}
    - target: {fileID: 4734561076608297202, guid: 652fcab115e16b9498dd9fa27868cca2, type: 3}
      propertyPath: m_LocalRotation.x
      value: 0
      objectReference: {fileID: 0}
    - target: {fileID: 4734561076608297202, guid: 652fcab115e16b9498dd9fa27868cca2, type: 3}
      propertyPath: m_LocalRotation.y
      value: 0
      objectReference: {fileID: 0}
    - target: {fileID: 4734561076608297202, guid: 652fcab115e16b9498dd9fa27868cca2, type: 3}
      propertyPath: m_LocalRotation.z
      value: 0
      objectReference: {fileID: 0}
    - target: {fileID: 4734561076608297202, guid: 652fcab115e16b9498dd9fa27868cca2, type: 3}
      propertyPath: m_AnchoredPosition.x
      value: 0
      objectReference: {fileID: 0}
    - target: {fileID: 4734561076608297202, guid: 652fcab115e16b9498dd9fa27868cca2, type: 3}
      propertyPath: m_AnchoredPosition.y
      value: 0
      objectReference: {fileID: 0}
    - target: {fileID: 4734561076608297202, guid: 652fcab115e16b9498dd9fa27868cca2, type: 3}
      propertyPath: m_LocalEulerAnglesHint.x
      value: 0
      objectReference: {fileID: 0}
    - target: {fileID: 4734561076608297202, guid: 652fcab115e16b9498dd9fa27868cca2, type: 3}
      propertyPath: m_LocalEulerAnglesHint.y
      value: 0
      objectReference: {fileID: 0}
    - target: {fileID: 4734561076608297202, guid: 652fcab115e16b9498dd9fa27868cca2, type: 3}
      propertyPath: m_LocalEulerAnglesHint.z
      value: 0
      objectReference: {fileID: 0}
    - target: {fileID: 4871777729582349509, guid: 652fcab115e16b9498dd9fa27868cca2, type: 3}
      propertyPath: m_AnchorMax.y
      value: 0
      objectReference: {fileID: 0}
    - target: {fileID: 4871777729582349509, guid: 652fcab115e16b9498dd9fa27868cca2, type: 3}
      propertyPath: m_AnchorMin.y
      value: 0
      objectReference: {fileID: 0}
    - target: {fileID: 4871777729582349509, guid: 652fcab115e16b9498dd9fa27868cca2, type: 3}
      propertyPath: m_AnchoredPosition.x
      value: 0
      objectReference: {fileID: 0}
    - target: {fileID: 4871777729582349509, guid: 652fcab115e16b9498dd9fa27868cca2, type: 3}
      propertyPath: m_AnchoredPosition.y
      value: 0
      objectReference: {fileID: 0}
    - target: {fileID: 5258487305458174075, guid: 652fcab115e16b9498dd9fa27868cca2, type: 3}
      propertyPath: m_Name
      value: Label-VolumeSlider
      objectReference: {fileID: 0}
    - target: {fileID: 6363517561131146056, guid: 652fcab115e16b9498dd9fa27868cca2, type: 3}
      propertyPath: m_Name
      value: SliderMaster
      objectReference: {fileID: 0}
    - target: {fileID: 8677637861879341846, guid: 652fcab115e16b9498dd9fa27868cca2, type: 3}
      propertyPath: m_AnchorMax.y
      value: 0
      objectReference: {fileID: 0}
    - target: {fileID: 8677637861879341846, guid: 652fcab115e16b9498dd9fa27868cca2, type: 3}
      propertyPath: m_AnchorMin.y
      value: 0
      objectReference: {fileID: 0}
    - target: {fileID: 8677637861879341846, guid: 652fcab115e16b9498dd9fa27868cca2, type: 3}
      propertyPath: m_AnchoredPosition.x
      value: 0
      objectReference: {fileID: 0}
    - target: {fileID: 8677637861879341846, guid: 652fcab115e16b9498dd9fa27868cca2, type: 3}
      propertyPath: m_AnchoredPosition.y
      value: 0
      objectReference: {fileID: 0}
    - target: {fileID: 8971454644348135897, guid: 652fcab115e16b9498dd9fa27868cca2, type: 3}
      propertyPath: m_AnchorMax.x
      value: 0
      objectReference: {fileID: 0}
    - target: {fileID: 8971454644348135897, guid: 652fcab115e16b9498dd9fa27868cca2, type: 3}
      propertyPath: m_AnchorMax.y
      value: 0
      objectReference: {fileID: 0}
    - target: {fileID: 8971454644348135897, guid: 652fcab115e16b9498dd9fa27868cca2, type: 3}
      propertyPath: m_AnchorMin.x
      value: 0
      objectReference: {fileID: 0}
    m_RemovedComponents: []
    m_RemovedGameObjects: []
    m_AddedGameObjects: []
    m_AddedComponents: []
  m_SourcePrefab: {fileID: 100100000, guid: 652fcab115e16b9498dd9fa27868cca2, type: 3}
--- !u!224 &3815126101630698305 stripped
RectTransform:
  m_CorrespondingSourceObject: {fileID: 4734561076608297202, guid: 652fcab115e16b9498dd9fa27868cca2, type: 3}
  m_PrefabInstance: {fileID: 8450589975491390387}
  m_PrefabAsset: {fileID: 0}
--- !u!1001 &8934544746439504050
PrefabInstance:
  m_ObjectHideFlags: 0
  serializedVersion: 2
  m_Modification:
    serializedVersion: 3
    m_TransformParent: {fileID: 8233668930401049413}
    m_Modifications:
    - target: {fileID: 1817735195793519628, guid: 652fcab115e16b9498dd9fa27868cca2, type: 3}
      propertyPath: m_AnchorMax.x
      value: 0
      objectReference: {fileID: 0}
    - target: {fileID: 1817735195793519628, guid: 652fcab115e16b9498dd9fa27868cca2, type: 3}
      propertyPath: m_AnchorMax.y
      value: 0
      objectReference: {fileID: 0}
    - target: {fileID: 2454362843003657682, guid: 652fcab115e16b9498dd9fa27868cca2, type: 3}
      propertyPath: m_OnValueChanged.m_PersistentCalls.m_Calls.Array.data[0].m_MethodName
      value: SetMusicVolume
      objectReference: {fileID: 0}
    - target: {fileID: 2803919833183847715, guid: 652fcab115e16b9498dd9fa27868cca2, type: 3}
      propertyPath: m_text
      value: MusicVolume
      objectReference: {fileID: 0}
    - target: {fileID: 2803919833183847715, guid: 652fcab115e16b9498dd9fa27868cca2, type: 3}
      propertyPath: m_fontSize
      value: 24
      objectReference: {fileID: 0}
    - target: {fileID: 2803919833183847715, guid: 652fcab115e16b9498dd9fa27868cca2, type: 3}
      propertyPath: m_fontSizeBase
      value: 24
      objectReference: {fileID: 0}
    - target: {fileID: 4734561076608297202, guid: 652fcab115e16b9498dd9fa27868cca2, type: 3}
      propertyPath: m_Pivot.x
      value: 0.5
      objectReference: {fileID: 0}
    - target: {fileID: 4734561076608297202, guid: 652fcab115e16b9498dd9fa27868cca2, type: 3}
      propertyPath: m_Pivot.y
      value: 0.5
      objectReference: {fileID: 0}
    - target: {fileID: 4734561076608297202, guid: 652fcab115e16b9498dd9fa27868cca2, type: 3}
      propertyPath: m_AnchorMax.x
      value: 0
      objectReference: {fileID: 0}
    - target: {fileID: 4734561076608297202, guid: 652fcab115e16b9498dd9fa27868cca2, type: 3}
      propertyPath: m_AnchorMax.y
      value: 0
      objectReference: {fileID: 0}
    - target: {fileID: 4734561076608297202, guid: 652fcab115e16b9498dd9fa27868cca2, type: 3}
      propertyPath: m_AnchorMin.x
      value: 0
      objectReference: {fileID: 0}
    - target: {fileID: 4734561076608297202, guid: 652fcab115e16b9498dd9fa27868cca2, type: 3}
      propertyPath: m_AnchorMin.y
      value: 0
      objectReference: {fileID: 0}
    - target: {fileID: 4734561076608297202, guid: 652fcab115e16b9498dd9fa27868cca2, type: 3}
      propertyPath: m_SizeDelta.x
      value: 100
      objectReference: {fileID: 0}
    - target: {fileID: 4734561076608297202, guid: 652fcab115e16b9498dd9fa27868cca2, type: 3}
      propertyPath: m_SizeDelta.y
      value: 100
      objectReference: {fileID: 0}
    - target: {fileID: 4734561076608297202, guid: 652fcab115e16b9498dd9fa27868cca2, type: 3}
      propertyPath: m_LocalPosition.x
      value: 0
      objectReference: {fileID: 0}
    - target: {fileID: 4734561076608297202, guid: 652fcab115e16b9498dd9fa27868cca2, type: 3}
      propertyPath: m_LocalPosition.y
      value: 0
      objectReference: {fileID: 0}
    - target: {fileID: 4734561076608297202, guid: 652fcab115e16b9498dd9fa27868cca2, type: 3}
      propertyPath: m_LocalPosition.z
      value: 0
      objectReference: {fileID: 0}
    - target: {fileID: 4734561076608297202, guid: 652fcab115e16b9498dd9fa27868cca2, type: 3}
      propertyPath: m_LocalRotation.w
      value: 1
      objectReference: {fileID: 0}
    - target: {fileID: 4734561076608297202, guid: 652fcab115e16b9498dd9fa27868cca2, type: 3}
      propertyPath: m_LocalRotation.x
      value: 0
      objectReference: {fileID: 0}
    - target: {fileID: 4734561076608297202, guid: 652fcab115e16b9498dd9fa27868cca2, type: 3}
      propertyPath: m_LocalRotation.y
      value: 0
      objectReference: {fileID: 0}
    - target: {fileID: 4734561076608297202, guid: 652fcab115e16b9498dd9fa27868cca2, type: 3}
      propertyPath: m_LocalRotation.z
      value: 0
      objectReference: {fileID: 0}
    - target: {fileID: 4734561076608297202, guid: 652fcab115e16b9498dd9fa27868cca2, type: 3}
      propertyPath: m_AnchoredPosition.x
      value: 0
      objectReference: {fileID: 0}
    - target: {fileID: 4734561076608297202, guid: 652fcab115e16b9498dd9fa27868cca2, type: 3}
      propertyPath: m_AnchoredPosition.y
      value: 0
      objectReference: {fileID: 0}
    - target: {fileID: 4734561076608297202, guid: 652fcab115e16b9498dd9fa27868cca2, type: 3}
      propertyPath: m_LocalEulerAnglesHint.x
      value: 0
      objectReference: {fileID: 0}
    - target: {fileID: 4734561076608297202, guid: 652fcab115e16b9498dd9fa27868cca2, type: 3}
      propertyPath: m_LocalEulerAnglesHint.y
      value: 0
      objectReference: {fileID: 0}
    - target: {fileID: 4734561076608297202, guid: 652fcab115e16b9498dd9fa27868cca2, type: 3}
      propertyPath: m_LocalEulerAnglesHint.z
      value: 0
      objectReference: {fileID: 0}
    - target: {fileID: 4871777729582349509, guid: 652fcab115e16b9498dd9fa27868cca2, type: 3}
      propertyPath: m_AnchorMax.y
      value: 0
      objectReference: {fileID: 0}
    - target: {fileID: 4871777729582349509, guid: 652fcab115e16b9498dd9fa27868cca2, type: 3}
      propertyPath: m_AnchorMin.y
      value: 0
      objectReference: {fileID: 0}
    - target: {fileID: 4871777729582349509, guid: 652fcab115e16b9498dd9fa27868cca2, type: 3}
      propertyPath: m_AnchoredPosition.x
      value: 0
      objectReference: {fileID: 0}
    - target: {fileID: 4871777729582349509, guid: 652fcab115e16b9498dd9fa27868cca2, type: 3}
      propertyPath: m_AnchoredPosition.y
      value: 0
      objectReference: {fileID: 0}
    - target: {fileID: 5258487305458174075, guid: 652fcab115e16b9498dd9fa27868cca2, type: 3}
      propertyPath: m_Name
      value: Label-VolumeSlider (1)
      objectReference: {fileID: 0}
    - target: {fileID: 6363517561131146056, guid: 652fcab115e16b9498dd9fa27868cca2, type: 3}
      propertyPath: m_Name
      value: SliderMusic
      objectReference: {fileID: 0}
    - target: {fileID: 8677637861879341846, guid: 652fcab115e16b9498dd9fa27868cca2, type: 3}
      propertyPath: m_AnchorMax.y
      value: 0
      objectReference: {fileID: 0}
    - target: {fileID: 8677637861879341846, guid: 652fcab115e16b9498dd9fa27868cca2, type: 3}
      propertyPath: m_AnchorMin.y
      value: 0
      objectReference: {fileID: 0}
    - target: {fileID: 8677637861879341846, guid: 652fcab115e16b9498dd9fa27868cca2, type: 3}
      propertyPath: m_AnchoredPosition.x
      value: 0
      objectReference: {fileID: 0}
    - target: {fileID: 8677637861879341846, guid: 652fcab115e16b9498dd9fa27868cca2, type: 3}
      propertyPath: m_AnchoredPosition.y
      value: 0
      objectReference: {fileID: 0}
    - target: {fileID: 8971454644348135897, guid: 652fcab115e16b9498dd9fa27868cca2, type: 3}
      propertyPath: m_AnchorMax.x
      value: 0
      objectReference: {fileID: 0}
    - target: {fileID: 8971454644348135897, guid: 652fcab115e16b9498dd9fa27868cca2, type: 3}
      propertyPath: m_AnchorMax.y
      value: 0
      objectReference: {fileID: 0}
    - target: {fileID: 8971454644348135897, guid: 652fcab115e16b9498dd9fa27868cca2, type: 3}
      propertyPath: m_AnchorMin.x
      value: 0
      objectReference: {fileID: 0}
    m_RemovedComponents: []
    m_RemovedGameObjects: []
    m_AddedGameObjects: []
    m_AddedComponents: []
  m_SourcePrefab: {fileID: 100100000, guid: 652fcab115e16b9498dd9fa27868cca2, type: 3}
--- !u!224 &4200005959725815872 stripped
RectTransform:
  m_CorrespondingSourceObject: {fileID: 4734561076608297202, guid: 652fcab115e16b9498dd9fa27868cca2, type: 3}
  m_PrefabInstance: {fileID: 8934544746439504050}
  m_PrefabAsset: {fileID: 0}
